

@conference{12_ICDE_Zheng,
    author      = {Kai Zheng and Yu Zheng and Xing Xie and Xiaofang Zhou},
    title       = {Reducing Uncertainty of Low-Sampling-Rate Trajectories},
    booktitle   = {IEEE ICDE},
    year        = {2012}
}

@conference{13_PAKDD_Wu,
    author      = {Hao-Hsiang Wu and Mi-Yen Yeh},
    title       = {Influential Nodes in One-Wave Diffusion Model for Location-Based Social Networks},
    booktitle   = {PAKDD},
    year        = {2013}
}

@conference{05_ICDM_Cao,
    author      = {Huiping Cao and Nikos Mamoulis and David W. Cheung},
    title       = {Mining Frequent Spatio-Temporal Sequential Patterns},
    booktitle   = {IEEE ICDM},
    year        = {2005}
}

@conference{05_SSTD_Kalnis,
    author      = {Panos Kalnis and Nikos Mamoulis and Spiridon Bakiras},
    title       = {On Discovering Moving Clusters in Spatio-temporal Data},
    booktitle   = {SSTD},
    year        = {2005}
}

@conference{07_KDD_Giannotti,
    author      = {Giannotti, Fosca and Nanni, Mirco and Pinelli, Fabio and Pedreschi, Dino},
    title       = {Trajectory Pattern Mining},
    booktitle   = {ACM KDD},
    year        = {2007}
}

@conference{06_SDM_Giannotti,
    author      = {Fosca Giannotti and Mirco Nanni and Dino Pedreschi},
    title       = {Efficient Mining of Temporally Annotated Sequences},
    booktitle   = {SIAM SDM},
    year        = {2006}
}

@conference{08_ICDE_Jeung,
    author      = {Hoyoung Jeung and Qing Liu and Heng Tao Shen and Xiaofang Zhou},
    title       = {A Hybrid Prediction Model for Moving Objects},
    booktitle   = {IEEE ICDE},
    year        = {2008}
}


@conference{09_KDD_Monreale,
    author      = {Monreale, Anna and Pinelli, Fabio and Trasarti, Roberto and Giannotti, Fosca},
    title       = {WhereNext: a Location Predictor on Trajectory Pattern Mining},
    booktitle   = {ACM KDD},
    year        = {2009}
}

@conference{08_VLDB_Jeung,
    author      = {Hoyoung Jeung and Man Lung Yiu and Xiaofang Zhou and Christian S. Jensen and Heng Tao Shen},
    title       = {Discovery of convoys in trajectory databases},
    booktitle   = {VLDB},
    year        = {2008}
}

@conference{12_KDD_Wei,
    author      = {Ling-Yin Wei and Yu Zheng and Wen-Chih Peng},
    title       = {Constructing popular routes from uncertain trajectories},
    booktitle   = {ACM KDD},
    year        = {2012}
}

@conference{11_KDD_Scellato,
    author      = {Scellato, Salvatore and Noulas, Anastasios and Mascolo, Cecilia},
    title       = {Exploiting place features in link prediction on location-based social networks},
    booktitle   = {ACM KDD}
}

@conference{10_WWW_Backstrom,
    author      = {Backstrom, Lars and Sun, Eric and Marlow, Cameron},
    title       = {Find Me if You Can: Improving Geographical Prediction with Social and Spatial Proximity},
    booktitle   = {WWW},
    year        = {2010}
}


@conference{01_KDD_Domingos,
    author      = {Domingos, Pedro and Richardson, Matt},
    title       = {Mining the Network Value of Customers},
    booktitle   = {ACM KDD},
    year        = {2001}
}

@conference{03_KDD_Kempe,
    author      = {Kempe, David and Kleinberg, Jon and Tardos, \'{E}va},
    title       = {Maximizing the Spread of Influence Through a Social Network},
    booktitle   = {ACM KDD},
    year        = {2003}
}

@conference{05_ICALP_Kempe,
    author      = {Kempe, David and Kleinberg, Jon and Tardos, \'{E}va},
    title       = {Influential Nodes in a Diffusion Model for Social Networks},
    booktitle   = {ICALP},
    year        = {2005}
}

@conference{08_CIKM_Ma,
    author      = {Ma, Hao and Yang, Haixuan and Lyu, Michael R. and King, Irwin},
    title       = {Mining Social Networks Using Heat Diffusion Processes for Marketing Candidates Selection},
    booktitle   = {ACM CIKM},
    year        = {2008}
}

@conference{07_IJCNN_Estevez,
    author      = {Pablo A. Estevez and Pablo Vera and Kazumi Saito},
    title       = {Selecting the Most Influential Nodes in Social Networks},
    booktitle   = {International Joint Conference on Neural Networks},
    year        = {2007}
}

@conference{13_MDM_Chiang,
    author      = {Meng-Fen Chiang and Wen-Yuan Zhu and Wen-Chih Peng and Philip S. Yu},
    title       = {Distant-Time Location Prediction in Low-Sampling-Rate Trajectories},
    booktitle   = {IEEE MDM},
    year        = {2013}
}

@article{12_PhysicaA_Barunik,
    author  = {Jozef Barunik and Ladislav Kristoufek},
    title   = {On Hurst exponent estimation under heavy-tailed distributions},
    journal = {Physica A: Statistical Mechanics and its Applications},
    volume  = {389},
    number  = {18},
    year    = {2010},
    pages   = {3844-3855}
}

@article{10_VLDBJ_Jeung,
    author  = {Jeung, Hoyoung and Yiu, Man Lung and Zhou, Xiaofang and Jensen, Christian S.},
    title   = {Path Prediction and Predictive Range Querying in Road Network Databases},
    journal = {The VLDB Journal},
    volume  = {19},
    number  = {4},
    month   = {August},
    year    = {2010},
    pages   = {585-602}
}

@article{97_TON_Crovella,
    author  = {Mark Crovella and Azer Bestavros},
    title   = {Self-similarity in World Wide Web traffic: evidence and possible causes},
    journal = {IEEE/ACM Transactions on Networking},
    volume  = {5},
    number  = {6},
    month   = {December},
    year    = {1997},
    pages   = {835-846}
}

@conference{14_SIGMOD_Feng,
    author      = {Kaiyu Feng and Gao Cong and Sourav Bhowmick and Shuai Ma},
    title       = {In Search of Influential Event Organizers in Online Social Networks},
    booktitle   = {ACM SIGMOD},
    year        = {2014}
}

@conference{13_ICDE_Kim,
    author      = {Jinha Kim and Seung-Keol Kim and Hwanjo Yu},
    title       = {Scalable and parallelizable processing of influence maximization for large-scale social networks},
    booktitle   = {IEEE ICDE},
    year        = {2013}
}

@article{14_TPDS_Liu,
    author  = {Xiaodong Liu and Mo Li and Shanshan Li and Shaoliang Peng and Xiangke Liao and Xiaopei Lu},
    title   = {IMGPU: GPU-Accelerated Influence Maximization in Large-Scale Social Networks},
    journal = {IEEE Transactions on Parallel and Distributed Systems},
    volume  = {25},
    number  = {1},
    month   = {January},
    year    = {2014},
    pages   = {136-145}
}

@conference{10_KDD_Chen,
    author      = {Chen, Wei and Wang, Chi and Wang, Yajun},
    title       = {Scalable Influence Maximization for Prevalent Viral Marketing in Large-scale Social Networks},
    booktitle   = {ACM KDD},
    year        = {2010}
}

@conference{10_WSDM_Goyal,
    author      = {Goyal, Amit and Bonchi, Francesco and Lakshmanan, Laks V.S.},
    title       = {Learning Influence Probabilities in Social Networks},
    booktitle   = {ACM WSDM},
    year        = {2010}
}

@conference{14_SIGMOD_Li,
    author      = {Li, Guoliang and Chen, Shuo and Feng, Jianhua and Tan, Kian-lee and Li, Wen-Syan},
    title       = {Efficient Location-aware Influence Maximization},
    booktitle   = {ACM SIGMOD},
    year        = {2014}
}

@conference{12_VLDB_Goyal,
    author      = {Goyal, Amit and Bonchi, Francesco and Lakshmanan, Laks V. S.},
    title       = {A Data-based Approach to Social Influence Maximization},
    booktitle   = {VLDB},
    year        = {2012}
}

@conference{08_KES_Saito,
    author      = {Saito, Kazumi and Nakano, Ryohei and Kimura, Masahiro},
    title       = {Prediction of Information Diffusion Probabilities for Independent Cascade Model},
    booktitle   = {KES},
    year        = {2008}
}

@conference{10_CIKM_Liu,
    author      = {Liu, Lu and Tang, Jie and Han, Jiawei and Jiang, Meng and Yang, Shiqiang},
    title       = {Mining Topic-level Influence in Heterogeneous Networks},
    booktitle   = {ACM CIKM},
    year        = {2010}
}



@conference{14_DSAA_Zhu,
    author      = {Wen-Yuan Zhu and Wen-Chih Peng and Ling-Jyh Chen},
    title       = {Exploiting Mobility for Location Promotion in Location-based Social Networks},
    booktitle   = {IEEE DSAA},
    year        = {2014}
}

@conference{07_KDD_Leskovec,
    author      = {Leskovec, Jure and Krause, Andreas and Guestrin, Carlos and Faloutsos, Christos and VanBriesen, Jeanne and Glance, Natalie},
    title       = {Cost-effective Outbreak Detection in Networks},
    booktitle   = {ACM KDD},
    year        = {2007}
}


##########
##########
##########



@conference{04_INFOCOM_Song,
    author      = {Libo Song and David Kotz and Ravi Jain and Xiaoning He},
    title       = {Evaluating location predictors with extensive Wi-Fi mobility data},
    booktitle   = {IEEE INFOCOM},
    year        = {2004}
}

@article{06_Nature_Brockmann,
    author  = {Dirk Brockmann and Lars Hufnagel and Theo Geisel},
    title   = {The scaling laws of human travel},
    journal = {Nature},
    volume  = {439},
    month   = {January},
    year    = {2006},
    pages   = {462â€“-465}
}

@article{08_Nature_Gonzalez,
    author  = {Marta C. Gonzalez and Cesar A. Hidalgo and Albert-Laszlo Barabasi},
    title   = {Understanding individual human mobility patterns},
    journal = {Nature},
    volume  = {453},
    month   = {June},
    year    = {2008},
    pages   = {779--782}
}

@conference{08_UbiComp_Zheng,
    author      = {Zheng, Yu and Li, Quannan and Chen, Yukun and Xie, Xing and Ma, Wei-Ying},
    title       = {Understanding Mobility Based on GPS Data},
    booktitle   = {UbiComp},
    year        = {2008}
}

@conference{10_AAAI_Peebles,
    author      = {Daniel Peebles and Hong Lu and Nicholas D. Lane and Tanzeem Choudhury and Andrew T. Campbell},
    title       = {Community-Guided Learning: Exploiting Mobile Sensor Users to Model Human Behavior},
    booktitle   = {AAAI},
    year        = {2010}
}

@conference{10_WSDM_Sizov,
    author      = {Sizov, Sergej},
    title       = {GeoFolk: Latent Spatial Semantics in Web 2.0 Social Media},
    booktitle   = {ACM WSDM},
    year        = {2010}
}

@conference{10_WWW_Zheng,
    author      = {Zheng, Vincent W. and Zheng, Yu and Xie, Xing and Yang, Qiang},
    title       = {Collaborative Location and Activity Recommendations with GPS History Data},
    booktitle   = {WWW},
    year        = {2010}
}

@book{11_Book_Han,
    author      = {Jiawei Han and Micheline Kamber and Jian Pei},
    title       = {Data Mining: Concepts and Techniques},
    publisher   = {Morgan Kaufmann},
    edition     = {3rd},
    year        = {2011}
}

@conference{11_GIS_Ye,
    author      = {Ye, Mao and Janowicz, Krzysztof and M\"{u}lligann, Christoph and Lee, Wang-Chien},
    title       = {What You Are is when You Are: The Temporal Dimension of Feature Types in Location-based Social Networks},
    booktitle   = {ACM SIGSPATIAL GIS},
    year        = {2011}
}

@conference{11_ICWSM_Noulas,
    author      = {Anastasios Noulas and Salvatore Scellato and Cecilia Mascolo and Massimiliano Pontil},
    title       = {An Empirical Study of Geographic User Activity Patterns in Foursquare},
    booktitle   = {AAAI ICWSM},
    year        = {2011}
}

@conference{11_KDD_Cho,
    author      = {Cho, Eunjoon and Myers, Seth A. and Leskovec, Jure},
    title       = {Friendship and mobility: user movement in location-based social networks},
    booktitle   = {ACM KDD},
    year        = {2011}
}

@conference{11_KDD_Ye,
    author      = {Mao Ye and Dong Shou and Wang-Chien Lee and Peifeng Yin and Krzysztof Janowicz},
    title       = {On the semantic annotation of places in location-based social networks},
    booktitle   = {ACM KDD},
    year        = {2011}
}

@conference{11_SIGIR_Ye,
    author      = {Ye, Mao and Yin, Peifeng and Lee, Wang-Chien and Lee, Dik-Lun},
    title       = {Exploiting Geographical Influence for Collaborative Point-of-interest Recommendation},
    booktitle   = {ACM SIGIR},
    year        = {2011}
}

@conference{11_UbiComp_Lane,
    author      = {Lane, Nicholas D. and Xu, Ye and Lu, Hong and Hu, Shaohan and Choudhury, Tanzeem and Campbell, Andrew T. and Zhao, Feng},
    title       = {Enabling Large-scale Human Activity Inference on Smartphones Using Community Similarity Networks ({CSN})},
    booktitle   = {ACM UbiComp},
    year        = {2011}
}

@conference{12_ICWSM_Gao,
    author      = {Huiji Gao and Jiliang Tang and Huan Liu},
    title       = {Exploring Social-Historical Ties on Location-Based Social Networks},
    booktitle   = {AAAI ICWSM},
    year        = {2012}
}

@conference{12_WSDM_Sadilek,
    author      = {Sadilek, Adam and Kautz, Henry and Bigham, Jeffrey P.},
    title       = {Finding Your Friends and Following Them to Where You Are},
    booktitle   = {ACM WSDM},
    year        = {2012}
}

@conference{12_WWW_Hong,
    author      = {Hong, Liangjie and Ahmed, Amr and Gurumurthy, Siva and Smola, Alexander J. and Tsioutsiouliklis, Kostas},
    title       = {Discovering Geographical Topics in the Twitter Stream},
    booktitle   = {WWW},
    year        = {2012}
}

@conference{13_CIKM_Gao,
    author      = {Gao, Huiji and Tang, Jiliang and Hu, Xia and Liu, Huan},
    title       = {Modeling Temporal Effects of Human Mobile Behavior on Location-based Social Networks},
    booktitle   = {ACM CIKM},
    year        = {2013}
}

@conference{13_KDD_Yuan,
    author      = {Quan Yuan and Gao Cong and Zongyang Ma and Aixin Sun and Nadia Magnenat-Thalmann},
    title       = {Who, where, when and what: discover spatio-temporal topics for twitter users},
    booktitle   = {ACM KDD},
    year        = {2013}
}

@conference{13_MUM_Zhu,
    author      = {Zhu, Zack and Blanke, Ulf and Calatroni, Alberto and Tr\"{o}ster, Gerhard},
    title       = {Human Activity Recognition Using Social Media Data},
    booktitle   = {MUM},
    year        = {2013}
}

@conference{14_KDD_Lichman,
    author      = {Lichman, Moshe and Smyth, Padhraic},
    title       = {Modeling Human Location Data with Mixtures of Kernel Densities},
    booktitle   = {ACM KDD},
    year        = {2014}
}

@conference{14_UbiComp_Lane,
    author      = {Lane, Nicholas D. and Pengyu, Li and Zhou, Lin and Zhao, Feng},
    title       = {Connecting Personal-scale Sensing and Networked Community Behavior to Infer Human Activities},
    booktitle   = {ACM UbiComp},
    year        = {2014}
}


@conference{04_AAAI_Liao,
    author      = {Lin Liao and Dieter Fox and Henry A. Kautz},
    title       = {Learning and Inferring Transportation Routines},
    booktitle   = {AAAI},
    year        = {2004}
}

@conference{03_UbiComp_Patterson,
    author      = {Donald J. Patterson and Lin Liao and Dieter Fox and Henry A. Kautz},
    title       = {Inferring High-Level Behavior from Low-Level Sensors},
    booktitle   = {UbiComp},
    year        = {2003}
}

@conference{10_EMNLP_Eisenstein,
    author      = {Eisenstein, Jacob and O'Connor, Brendan and Smith, Noah A. and Xing, Eric P.},
    title       = {A Latent Variable Model for Geographic Lexical Variation},
    booktitle   = {EMNLP},
    year        = {2010}
}

@conference{06_KDD_Wang,
    author      = {Wang, Xuerui and McCallum, Andrew},
    title       = {Topics over Time: A non-Markov Continuous-time Model of Topical Trends},
    booktitle   = {ACM KDD},
    year        = {2006}
}

@conference{06_WWW_Mei,
    author      = {Mei, Qiaozhu and Liu, Chao and Su, Hang and Zhai, ChengXiang},
    title       = {A Probabilistic Approach to Spatiotemporal Theme Pattern Mining on Weblogs},
    booktitle   = {WWW},
    year        = {2006}
}

@conference{13_WWW_Kamath,
    author      = {Kamath, Krishna Y. and Caverlee, James and Lee, Kyumin and Cheng, Zhiyuan},
    title       = {Spatio-temporal Dynamics of Online Memes: A Study of Geo-tagged Tweets},
    booktitle   = {WWW},
    year        = {2013}
}

@conference{12_CIKM_Kamath,
    author      = {Kamath, Krishna Y. and Caverlee, James and Cheng, Zhiyuan and Sui, Daniel Z.},
    title       = {Spatial Influence vs. Community Influence: Modeling the Global Spread of Social Media},
    booktitle   = {CIKM},
    year        = {2012}
}

